@article{keogh2001dimensionality,
  title={Dimensionality reduction for fast similarity search in large time series databases},
  author={Keogh, Eamonn and Chakrabarti, Kaushik and Pazzani, Michael and Mehrotra, Sharad},
  journal={Knowledge and information Systems},
  volume={3},
  number={3},
  pages={263--286},
  year={2001},
  publisher={Springer}
}

@misc{keogh2006sax_presentation,
  title={SAXually Explicit Images: Data Mining Large Shape Databases Talk.},
  author={Keogh, Eamonn},
  howpublished= {\url{https://www.youtube.com/watch?v=vzPgHF7gcUQ}},
  month= {May},
  year= {2006},
}

@article{lin2007experiencing,
  title={Experiencing SAX: a novel symbolic representation of time series},
  author={Lin, Jessica and Keogh, Eamonn and Wei, Li and Lonardi, Stefano},
  journal={Data Mining and knowledge discovery},
  volume={15},
  number={2},
  pages={107--144},
  year={2007},
  publisher={Springer}
}

@inproceedings{shieh2008sax,
  title={iSAX: indexing and mining terabyte sized time series},
  author={Shieh, Jin and Keogh, Eamonn},
  booktitle={Proceedings of the 14th ACM SIGKDD international conference on Knowledge discovery and data mining},
  pages={623--631},
  year={2008},
  organization={ACM}
}

@inproceedings{camerra2010isax,
  title={iSAX 2.0: Indexing and mining one billion time series},
  author={Camerra, Alessandro and Palpanas, Themis and Shieh, Jin and Keogh, Eamonn},
  booktitle={2010 IEEE International Conference on Data Mining},
  pages={58--67},
  year={2010},
  organization={IEEE}
}

@inproceedings{xi2006fast,
  title={Fast time series classification using numerosity reduction},
  author={Xi, Xiaopeng and Keogh, Eamonn and Shelton, Christian and Wei, Li and Ratanamahatana, Chotirat Ann},
  booktitle={Proceedings of the 23rd international conference on Machine learning},
  pages={1033--1040},
  year={2006},
  organization={ACM}
}

@book{faloutsos1994fast,
  title={Fast subsequence matching in time-series databases},
  author={Faloutsos, Christos and Ranganathan, Mudumbai and Manolopoulos, Yannis},
  volume={23},
  number={2},
  year={1994},
  publisher={ACM}
}

@inproceedings{goerg2013forecastable,
  title={Forecastable Component Analysis.},
  author={Goerg, Georg M},
  booktitle={ICML (2)},
  pages={64--72},
  year={2013}
}

@misc{goerg2013forecastable_presentation,
  title={Forecastable Component Analysis Talk.},
  author={Goerg, Georg M},
  howpublished= {\url{http://techtalks.tv/talks/forecastable-component-analysis/58229/}},
  month= {June},
  year= {2013},
}

@article{vzliobaite2012beating,
  title={Beating the baseline prediction in food sales: How intelligent an intelligent predictor is?},
  author={{\v{Z}}liobait{\.e}, Indr{\.e} and Bakker, Jorn and Pechenizkiy, Mykola},
  journal={Expert Systems with Applications},
  volume={39},
  number={1},
  pages={806--815},
  year={2012},
  publisher={Elsevier}
}

@article{morgan2009predicting,
  title={Predicting Future States With-Dimensional Markov Chains for Fault Diagnosis},
  author={Morgan, Ian and Liu, Honghai},
  journal={IEEE Transactions on Industrial Electronics},
  volume={56},
  number={5},
  pages={1774--1781},
  year={2009},
  publisher={IEEE}
}